<?xml version="1.0" encoding="UTF-8"?><record xmlns="http://www.loc.gov/MARC21/slim" xmlns:cinclude="http://apache.org/cocoon/include/1.0" xmlns:zs="http://www.loc.gov/zing/srw/">
  <leader>00695nz  a2200193n  4500</leader>
  <controlfield tag="001">no2003118510</controlfield>
  <controlfield tag="003">DLC</controlfield>
  <controlfield tag="005">20031125052235.0</controlfield>
  <controlfield tag="008">031124n| acannaabn          |a aaa      </controlfield>
  <datafield tag="010" ind1=" " ind2=" ">
    <subfield code="a">no2003118510</subfield>
  </datafield>
  <datafield tag="035" ind1=" " ind2=" ">
    <subfield code="a">(OCoLC)oca06212681</subfield>
  </datafield>
  <datafield tag="040" ind1=" " ind2=" ">
    <subfield code="a">DLC-ON</subfield>
    <subfield code="b">eng</subfield>
    <subfield code="c">DLC-ON</subfield>
  </datafield>
  <datafield tag="053" ind1=" " ind2="0">
    <subfield code="a">PK1967.9.A</subfield>
  </datafield>
  <datafield tag="100" ind1="1" ind2=" ">
    <subfield code="a">Amara, Amaranātha Śarmā,</subfield>
    <subfield code="d">1937-</subfield>
  </datafield>
  <datafield tag="400" ind1="0" ind2=" ">
    <subfield code="a">Amaranātha Śarmā Amara,</subfield>
    <subfield code="d">1937-</subfield>
  </datafield>
  <datafield tag="400" ind1="1" ind2=" ">
    <subfield code="a">Śarmā, Amaranātha,</subfield>
    <subfield code="d">1937-</subfield>
  </datafield>
  <datafield tag="400" ind1="1" ind2=" ">
    <subfield code="a">Amara, Amara Nātha,</subfield>
    <subfield code="d">1937-</subfield>
  </datafield>
  <datafield tag="400" ind1="0" ind2=" ">
    <subfield code="a">Amara Nātha Amara,</subfield>
    <subfield code="d">1937-</subfield>
  </datafield>
  <datafield tag="670" ind1=" " ind2=" ">
    <subfield code="a">Amaranātha Śarmā "Amara", 2003:</subfield>
    <subfield code="b">t.p. (Amaranātha Śarmā "Amara) prelim. p. 1 (Śrī Amara Nātha "Amara"; M.A. (Hindi), B.T.; b. Nov. 14, 1937)</subfield>
  </datafield>
</record>